<?xml version="1.0" encoding="UTF-8"?><collection xmlns="http://www.loc.gov/MARC21/slim"><record><leader>00316nam--2200121-i-4500</leader><controlfield tag="001">000005763</controlfield><controlfield tag="002">20161230</controlfield><controlfield tag="005">20161230201026</controlfield><controlfield tag="008">060222s1000------------r-----000-0-eng-d</controlfield><datafield ind1=" " ind2=" " tag="100"><subfield code="a">Chong Kuk Kim</subfield></datafield><datafield ind1=" " ind2=" " tag="245"><subfield code="a">The radiochemistry of titanium</subfield></datafield><datafield ind1=" " ind2=" " tag="260"><subfield code="a">Washington, U.S.Atomic Energy Commission, 1961 23 P</subfield></datafield><datafield ind1=" " ind2=" " tag="852"><subfield code="a">16281</subfield></datafield></record></collection>